<?xml version="1.0" encoding="UTF-8"?><collection xmlns="http://www.loc.gov/MARC21/slim"><record><leader>00293nam--2200121-i-4500</leader><controlfield tag="001">000008034</controlfield><controlfield tag="002">20161230</controlfield><controlfield tag="005">20161230201027</controlfield><controlfield tag="008">060222s1000------------r-----000-0-eng-d</controlfield><datafield ind1=" " ind2=" " tag="080"><subfield code="a">620.91</subfield></datafield><datafield ind1=" " ind2=" " tag="245"><subfield code="a">Bilancio energetico italiano:vol.l:1961-62</subfield></datafield><datafield ind1=" " ind2=" " tag="260"><subfield code="a">Roma,C.N.E.N.,1963-1965</subfield></datafield><datafield ind1=" " ind2=" " tag="852"><subfield code="a">25941</subfield></datafield></record></collection>